<?xml version="1.0" encoding="UTF-8"?><collection xmlns="http://www.loc.gov/MARC21/slim"><record><leader>00502nam--2200181-i-4500</leader><controlfield tag="001">000019666</controlfield><controlfield tag="002">20161230</controlfield><controlfield tag="005">20161230201033</controlfield><controlfield tag="008">060222s1000------------r-----000-0-fre-d</controlfield><datafield ind1=" " ind2=" " tag="040"><subfield code="a">IFIN-HH</subfield></datafield><datafield ind1=" " ind2=" " tag="041"><subfield code="a">fre</subfield></datafield><datafield ind1=" " ind2=" " tag="080"><subfield code="a">531.011(043)</subfield></datafield><datafield ind1="1" ind2=" " tag="100"><subfield code="a">Eid, Mohamed H</subfield></datafield><datafield ind1="1" ind2="0" tag="245"><subfield code="a">Sur les oscillateurs a faible moyenne ou forte non-linearite</subfield><subfield code="b">These</subfield><subfield code="c">Mohamed h. eid</subfield></datafield><datafield ind1=" " ind2=" " tag="260"><subfield code="a">Besancon</subfield><subfield code="b">L'Universite De Besancon</subfield><subfield code="c">1976</subfield></datafield><datafield ind1=" " ind2=" " tag="300"><subfield code="a">VI + 121 P</subfield></datafield><datafield ind1=" " ind2=" " tag="852"><subfield code="a">44814</subfield><subfield code="c">531</subfield></datafield><datafield ind1=" " ind2=" " tag="CAT"><subfield code="a">Sys</subfield><subfield code="c">20110113</subfield><subfield code="h">121515</subfield></datafield></record></collection>